
Beschreibung der Historie auf Webseite
@misc{AUTOSAR_History,
  title = {AUTOSAR History},
  howpublished = {\url{https://www.autosar.org/about/history/}},
  note = {Online; Zugriff am 24.8.2020},
  author = {AUTOSAR},
  year = {2020}
}

technischer Bericht
@techreport{TIMEX,
  author = {AUTOSAR},
  title = {Specification of Timing Extensions},
  institution = {AUTOSAR},
  year = {2018},
  note = {Version 4.0}
}

TIMMO2USE
@techreport{TIMMO2USE,
  author = {Hans Blom and Dr. Lei Feng and Dr. Henrik Lönn and Dr. Johan Nordlander and Stefan Kuntz and Dr. Björn Lisper and Dr. Sophie Quinton and Dr. Matthias Hanke and Dr. Marie-Agnès Peraldi-Frati and Dr. Arda Goknil and Dr. Julien Deantoni and Gilles Bertrand Defo and Kay Klobedanz and Mesut Özhan and Olha Honcharova},
  title = {Language syntax, semantics, metamodel V2},
  institution = {ITEA2},
  year = {2012}
}

TeSSLa
@paper{TeSSLa,
    author = {Lukas Convent and Sebastian Hungerecker and Martin Leucker and Torben Scheffel and Malte Schmitz and Daniel Thoma},
    title = {TeSSLa: Temporal Stream-based Specification Language},
    institution = {Institute for Software Engineering, University of Lübeck, Lübeck, Germany},
    year = {2018}
}

Virtual_Functional_Bus
@misc{Virtual_Functional_Bus,
	author = "{AUTOSAR}",
	title = "Virtual Functional Bus, 4.3.1",
	month = "December",
	year = "2017",
	url = "https://www.autosar.org/fileadmin/user_upload/standards/classic/4-3/AUTOSAR_EXP_VFB.pdf",,
	urldate = {16/5/2013}}